@article{Bertle:2001xd,
      author         = "Bertle, R. and Engelhardt, M. and Faber, Manfried",
      title          = "{Topological susceptibility of Yang-Mills center
                        projection vortices}",
      journal        = "Phys. Rev.",
      volume         = "D64",
      year           = "2001",
      pages          = "074504",
      doi            = "10.1103/PhysRevD.64.074504",
      eprint         = "hep-lat/0104004",
      archivePrefix  = "arXiv",
      primaryClass   = "hep-lat",
      SLACcitation   = "%%CITATION = HEP-LAT/0104004;%%"
}

@article{DelDebbio:1998luz,
      author         = "Del Debbio, L. and Faber, Manfried and Giedt, J. and
                        Greensite, J. and Olejnik, S.",
      title          = "{Detection of center vortices in the lattice Yang-Mills
                        vacuum}",
      journal        = "Phys. Rev.",
      volume         = "D58",
      year           = "1998",
      pages          = "094501",
      doi            = "10.1103/PhysRevD.58.094501",
      eprint         = "hep-lat/9801027",
      archivePrefix  = "arXiv",
      primaryClass   = "hep-lat",
      SLACcitation   = "%%CITATION = HEP-LAT/9801027;%%"
}

@article{Hollwieser:2015koa,
      author         = "H{\"o}llwieser, Roman and Engelhardt, Michael",
      title          = "{Approaching $SU(2)$ gauge dynamics with smeared $Z(2)$
                        vortices}",
      journal        = "Phys. Rev.",
      volume         = "D92",
      year           = "2015",
      number         = "3",
      pages          = "034502",
      doi            = "10.1103/PhysRevD.92.034502",
      eprint         = "1503.00016",
      archivePrefix  = "arXiv",
      primaryClass   = "hep-lat",
      SLACcitation   = "%%CITATION = ARXIV:1503.00016;%%"
}
@article{Engelhardt:1999xw,
      author         = "Engelhardt, M. and Reinhardt, H.",
      title          = "{Center projection vortices in continuum Yang-Mills
                        theory}",
      journal        = "Nucl. Phys.",
      volume         = "B567",
      year           = "2000",
      pages          = "249",
      doi            = "10.1016/S0550-3213(99)00727-0",
      eprint         = "hep-th/9907139",
      archivePrefix  = "arXiv",
      primaryClass   = "hep-th",
      SLACcitation   = "%%CITATION = HEP-TH/9907139;%%"
}

@inproceedings{Bertle:2000ap,
      author         = "Bertle, Roman and Faber, Manfried and Greensite, Jeff and
                        Olejnik, Stefan",
      title          = "{Center vortices and color confinement in lattice QCD}",
      booktitle      = "{Quark confinement and the hadron spectrum. Proceedings, 
                         4th International Conference, Vienna, Austria, July 3-8, 2000}",  
      year           = "2000",
      pages          = "138-149",
      eprint         = "hep-lat/0009017",
      archivePrefix  = "arXiv",
      primaryClass   = "hep-lat",
      SLACcitation   = "%%CITATION = HEP-LAT/0009017;%%"
}

@article{Leinweber:1998uu,
      author         = "Leinweber, Derek B. and Skullerud, Jon Ivar and Williams,
                        Anthony G. and Parrinello, Claudio",
      title          = "{Asymptotic scaling and infrared behavior of the gluon
                        propagator}",
      collaboration  = "UKQCD",
      journal        = "Phys. Rev.",
      volume         = "D60",
      year           = "1999",
      pages          = "094507",
      doi            = "10.1103/PhysRevD.61.079901, 10.1103/PhysRevD.60.094507",
      note           = "[Erratum: Phys. Rev.D61,079901(2000)]",
      eprint         = "hep-lat/9811027",
      archivePrefix  = "arXiv",
      primaryClass   = "hep-lat",
      reportNumber   = "ADP-98-72-T339, LTH-445",
      SLACcitation   = "%%CITATION = HEP-LAT/9811027;%%"
}

@article{Zwanziger:1991gz,
      author         = "Zwanziger, D.",
      title          = "{Vanishing of zero momentum lattice gluon propagator and
                        color confinement}",
      journal        = "Nucl. Phys.",
      volume         = "B364",
      year           = "1991",
      pages          = "127-161",
      doi            = "10.1016/0550-3213(91)90581-H",
      SLACcitation   = "%%CITATION = NUPHA,B364,127;%%"
}

@article{Cucchieri:1999sz,
      author         = "Cucchieri, Attilio",
      title          = "{Infrared behavior of the gluon propagator in lattice
                        Landau gauge: The Three-dimensional case}",
      journal        = "Phys. Rev.",
      volume         = "D60",
      year           = "1999",
      pages          = "034508",
      doi            = "10.1103/PhysRevD.60.034508",
      eprint         = "hep-lat/9902023",
      archivePrefix  = "arXiv",
      primaryClass   = "hep-lat",
      reportNumber   = "BI-TP-99-03",
      SLACcitation   = "%%CITATION = HEP-LAT/9902023;%%"
}

@article{Langfeld:2001cz,
      author         = "Langfeld, K. and Reinhardt, H. and Gattnar, J.",
      title          = "{Gluon propagators and quark confinement}",
      journal        = "Nucl. Phys.",
      volume         = "B621",
      year           = "2002",
      pages          = "131-156",
      doi            = "10.1016/S0550-3213(01)00574-0",
      eprint         = "hep-ph/0107141",
      archivePrefix  = "arXiv",
      primaryClass   = "hep-ph",
      reportNumber   = "UNITU-THEP-018-2001",
      SLACcitation   = "%%CITATION = HEP-PH/0107141;%%"
}

@article{Davies:1987vs,
      author         = "Davies, C. T. H. and Batrouni, G. G. and Katz, G. R. and
                        Kronfeld, Andreas S. and Lepage, G. P. and Wilson, K. G.
                        and Rossi, P. and Svetitsky, B.",
      title          = "{Fourier Acceleration in Lattice Gauge Theories. 1.
                        Landau Gauge Fixing}",
      journal        = "Phys. Rev.",
      volume         = "D37",
      year           = "1988",
      pages          = "1581",
      doi            = "10.1103/PhysRevD.37.1581",
      reportNumber   = "CLNS-87-85",
      SLACcitation   = "%%CITATION = PHRVA,D37,1581;%%"
}

@article{Roberts:2010cz,
      author         = "Roberts, Dale S. and Bowman, Patrick O. and Kamleh,
                        Waseem and Leinweber, Derek B.",
      title          = "{Wave Functions of the Proton Ground State in the
                        Presence of a Uniform Background Magnetic Field in Lattice
                        QCD}",
      journal        = "Phys. Rev.",
      volume         = "D83",
      year           = "2011",
      pages          = "094504",
      doi            = "10.1103/PhysRevD.83.094504",
      eprint         = "1011.1975",
      archivePrefix  = "arXiv",
      primaryClass   = "hep-lat",
      reportNumber   = "ADP-10-20-T716",
      SLACcitation   = "%%CITATION = ARXIV:1011.1975;%%"
}

@article{Roberts:2012em,
      author         = "Roberts, Dale S. and Kamleh, Waseem and Leinweber, Derek
                        B.",
      title          = "{The wave function of the Roper resonance}",
      booktitle      = "{Proceedings, 30th International Symposium on Lattice
                        Field Theory (Lattice 2012): Cairns, Australia, June
                        24-29, 2012}",
      journal        = "PoS",
      volume         = "LATTICE2012",
      year           = "2012",
      pages          = "261",
      SLACcitation   = "%%CITATION = POSCI,LATTICE2012,261;%%"
}

@article{Bowman:2004jm,
      author         = "Bowman, Patrick O. and Heller, Urs M. and Leinweber,
                        Derek B. and Parappilly, Maria B. and Williams, Anthony
                        G.",
      title          = "{Unquenched gluon propagator in Landau gauge}",
      journal        = "Phys. Rev.",
      volume         = "D70",
      year           = "2004",
      pages          = "034509",
      doi            = "10.1103/PhysRevD.70.034509",
      eprint         = "hep-lat/0402032",
      archivePrefix  = "arXiv",
      primaryClass   = "hep-lat",
      reportNumber   = "ADP-03-142-T577",
      SLACcitation   = "%%CITATION = HEP-LAT/0402032;%%"
}
@article{'tHooft:1976fv,
      author         = "'t Hooft, Gerard",
      title          = "{Computation of the Quantum Effects Due to a
                        Four-Dimensional Pseudoparticle}",
      journal        = "Phys. Rev.",
      volume         = "D14",
      year           = "1976",
      pages          = "3432-3450",
      doi            = "10.1103/PhysRevD.18.2199.3, 10.1103/PhysRevD.14.3432",
      reportNumber   = "PRINT-76-0551 (HARVARD)",
      SLACcitation   = "%%CITATION = PHRVA,D14,3432;%%"
}
@article{'tHooft:1976up,
      author         = "'t Hooft, Gerard",
      title          = "{Symmetry Breaking Through Bell-Jackiw Anomalies}",
      journal        = "Phys. Rev. Lett.",
      volume         = "37",
      year           = "1976",
      pages          = "8-11",
      doi            = "10.1103/PhysRevLett.37.8",
      reportNumber   = "PRINT-76-0254 (HARVARD)",
      SLACcitation   = "%%CITATION = PRLTA,37,8;%%"
}
@article{'tHooft:1977hy,
      author         = "'t Hooft, Gerard",
      title          = "{On the Phase Transition Towards Permanent Quark
                        Confinement}",
      journal        = "Nucl.Phys.",
      volume         = "B138",
      pages          = "1",
      doi            = "10.1016/0550-3213(78)90153-0",
      year           = "1978",
      reportNumber   = "Print-78-0099 (UTRECHT)",
      SLACcitation   = "%%CITATION = NUPHA,B138,1;%%",
}
@article{'tHooft:1979uj,
      author         = "'t Hooft, Gerard",
      title          = "{A Property of Electric and Magnetic Flux in Nonabelian
                        Gauge Theories}",
      journal        = "Nucl.Phys.",
      volume         = "B153",
      pages          = "141",
      doi            = "10.1016/0550-3213(79)90595-9",
      year           = "1979",
      reportNumber   = "PRINT-79-0117 (UTRECHT)",
      SLACcitation   = "%%CITATION = NUPHA,B153,141;%%",
}

@article{Trewartha:2017ive,
      author         = "Trewartha, Daniel and Kamleh, Waseem and Leinweber,
                        Derek",
      title          = "{Centre vortex removal restores chiral symmetry}",
      journal        = "J. Phys.",
      volume         = "G44",
      year           = "2017",
      number         = "12",
      pages          = "125002",
      doi            = "10.1088/1361-6471/aa9443",
      eprint         = "1708.06789",
      archivePrefix  = "arXiv",
      primaryClass   = "hep-lat",
      SLACcitation   = "%%CITATION = ARXIV:1708.06789;%%"
}

@article{Trewartha:2015nna,
      author         = "Trewartha, Daniel and Kamleh, Waseem and Leinweber,
                        Derek",
      title          = "{Evidence that centre vortices underpin dynamical chiral
                        symmetry breaking in SU(3) gauge theory}",
      journal        = "Phys. Lett.",
      volume         = "B747",
      year           = "2015",
      pages          = "373-377",
      doi            = "10.1016/j.physletb.2015.06.025",
      eprint         = "1502.06753",
      archivePrefix  = "arXiv",
      primaryClass   = "hep-lat",
      SLACcitation   = "%%CITATION = ARXIV:1502.06753;%%"
}
@article{Bowman:2008qd,
      author         = "Bowman, Patrick O. and Langfeld, Kurt and Leinweber,
                        Derek B. and O' Cais, Alan and Sternbeck, Andre and von
                        Smekal, Lorenz and Williams, Anthony G.",
      title          = "{Center vortices and the quark propagator in SU(2) gauge
                        theory}",
      journal        = "Phys. Rev.",
      volume         = "D78",
      year           = "2008",
      pages          = "054509",
      doi            = "10.1103/PhysRevD.78.054509",
      eprint         = "0806.4219",
      archivePrefix  = "arXiv",
      primaryClass   = "hep-lat",
      reportNumber   = "ADP-08-04-T664",
      SLACcitation   = "%%CITATION = ARXIV:0806.4219;%%"
}
@article{OMalley:2011aa,
      author         = "O'Malley, Elyse-Ann and Kamleh, Waseem and Leinweber,
                        Derek and Moran, Peter",
      title          = "{SU(3) centre vortices underpin confinement and dynamical
                        chiral symmetry breaking}",
      journal        = "Phys. Rev.",
      volume         = "D86",
      year           = "2012",
      pages          = "054503",
      doi            = "10.1103/PhysRevD.86.054503",
      eprint         = "1112.2490",
      archivePrefix  = "arXiv",
      primaryClass   = "hep-lat",
      reportNumber   = "ADP-11-41-T763",
      SLACcitation   = "%%CITATION = ARXIV:1112.2490;%%"
}
@article{DelDebbio:1996lih,
      author         = "Del Debbio, L. and Faber, Manfried and Greensite, J. and
                        Olejnik, S.",
      title          = "{Center dominance and Z(2) vortices in SU(2) lattice
                        gauge theory}",
      journal        = "Phys. Rev.",
      volume         = "D55",
      year           = "1997",
      pages          = "2298-2306",
      doi            = "10.1103/PhysRevD.55.2298",
      eprint         = "hep-lat/9610005",
      archivePrefix  = "arXiv",
      primaryClass   = "hep-lat",
      reportNumber   = "LBL-39424, LBNL-39424, SWAT-96-119",
      SLACcitation   = "%%CITATION = HEP-LAT/9610005;%%"
}
@article{Greensite:2003bk,
      author         = "Greensite, J.",
      title          = "{The Confinement problem in lattice gauge theory}",
      journal        = "Prog. Part. Nucl. Phys.",
      volume         = "51",
      year           = "2003",
      pages          = "1",
      doi            = "10.1016/S0146-6410(03)90012-3",
      eprint         = "hep-lat/0301023",
      archivePrefix  = "arXiv",
      primaryClass   = "hep-lat",
      SLACcitation   = "%%CITATION = HEP-LAT/0301023;%%"
}
@article{Bonnet:2001uh,
      author         = "Bonnet, Frederic D. R. and Bowman, Patrick O. and
                        Leinweber, Derek B. and Williams, Anthony G. and Zanotti,
                        James M.",
      title          = "{Infinite volume and continuum limits of the Landau gauge
                        gluon propagator}",
      journal        = "Phys. Rev.",
      volume         = "D64",
      year           = "2001",
      pages          = "034501",
      doi            = "10.1103/PhysRevD.64.034501",
      eprint         = "hep-lat/0101013",
      archivePrefix  = "arXiv",
      primaryClass   = "hep-lat",
      reportNumber   = "ADP-01-01-T436, FSU-CSIT-01-02",
      SLACcitation   = "%%CITATION = HEP-LAT/0101013;%%"
}
@article{Leinweber:1998im,
      author         = "Leinweber, Derek B. and Skullerud, Jon Ivar and Williams,
                        Anthony G. and Parrinello, Claudio",
      title          = "{Gluon propagator in the infrared region}",
      collaboration  = "UKQCD",
      journal        = "Phys. Rev.",
      volume         = "D58",
      year           = "1998",
      pages          = "031501",
      doi            = "10.1103/PhysRevD.58.031501",
      eprint         = "hep-lat/9803015",
      archivePrefix  = "arXiv",
      primaryClass   = "hep-lat",
      reportNumber   = "ADP-98-4-T284, LTH-421",
      SLACcitation   = "%%CITATION = HEP-LAT/9803015;%%"
}
@article{Langfeld:2003ev,
      author         = "Langfeld, Kurt",
      title          = "{Vortex structures in pure SU(3) lattice gauge theory}",
      journal        = "Phys. Rev.",
      volume         = "D69",
      year           = "2004",
      pages          = "014503",
      doi            = "10.1103/PhysRevD.69.014503",
      eprint         = "hep-lat/0307030",
      archivePrefix  = "arXiv",
      primaryClass   = "hep-lat",
      reportNumber   = "UNITU-THEP-05-03, KA-TP-7-2003",
      SLACcitation   = "%%CITATION = HEP-LAT/0307030;%%"
}
@article{Bowman:2010zr,
      author         = "Bowman, Patrick O. and Langfeld, Kurt and Leinweber,
                        Derek B. and Sternbeck, Andre and von Smekal, Lorenz and
                        Williams, Anthony G.",
      title          = "{Role of center vortices in chiral symmetry breaking in
                        SU(3) gauge theory}",
      journal        = "Phys. Rev.",
      volume         = "D84",
      year           = "2011",
      pages          = "034501",
      doi            = "10.1103/PhysRevD.84.034501",
      eprint         = "1010.4624",
      archivePrefix  = "arXiv",
      primaryClass   = "hep-lat",
      reportNumber   = "ADP-10-18-T714",
      SLACcitation   = "%%CITATION = ARXIV:1010.4624;%%"
}
@article{Moran:2008ra,
      author         = "Moran, Peter J. and Leinweber, Derek B.",
      title          = "{Over-improved stout-link smearing}",
      journal        = "Phys. Rev.",
      volume         = "D77",
      year           = "2008",
      pages          = "094501",
      doi            = "10.1103/PhysRevD.77.094501",
      eprint         = "0801.1165",
      archivePrefix  = "arXiv",
      primaryClass   = "hep-lat",
      reportNumber   = "ADP-07-19-T659",
      SLACcitation   = "%%CITATION = ARXIV:0801.1165;%%"
}
@article{BilsonThompson:2003zi,
      author         = "Bilson-Thompson, Sundance O. and Leinweber, Derek B. and
                        Williams, Anthony G. and Dunne, Gerald V.",
      title          = "{Comparison of |Q| = 1 and |Q| = 2 gauge-field
                        configurations on the lattice four-torus}",
      journal        = "Annals Phys.",
      volume         = "311",
      year           = "2004",
      pages          = "267-287",
      doi            = "10.1016/j.aop.2003.12.011",
      eprint         = "hep-lat/0306010",
      archivePrefix  = "arXiv",
      primaryClass   = "hep-lat",
      reportNumber   = "ADP-01-51-T483",
      SLACcitation   = "%%CITATION = HEP-LAT/0306010;%%"
}
@article{Alles:1996ka,
      author         = "Alles, B. and Henty, D. and Panagopoulos, H. and
                        Parrinello, C. and Pittori, C. and Richards, D. G.",
      title          = "{$\alpha_s$ from the nonperturbatively renormalised
                        lattice three gluon vertex}",
      journal        = "Nucl. Phys.",
      volume         = "B502",
      year           = "1997",
      pages          = "325-342",
      doi            = "10.1016/S0550-3213(97)00483-5",
      eprint         = "hep-lat/9605033",
      archivePrefix  = "arXiv",
      primaryClass   = "hep-lat",
      reportNumber   = "FERMILAB-PUB-97-169-T, IFUP-TH-23-96, LPTHE-ORSAY-95-24,
                        LTH-367",
      SLACcitation   = "%%CITATION = HEP-LAT/9605033;%%"
}
@article{Montero:1999by,
      author         = "Montero, Alvaro",
      title          = "{Study of SU(3) vortex - like configurations with a new
                        maximal center gauge fixing method}",
      journal        = "Phys. Lett.",
      volume         = "B467",
      year           = "1999",
      pages          = "106-111",
      doi            = "10.1016/S0370-2693(99)01113-2",
      eprint         = "hep-lat/9906010",
      archivePrefix  = "arXiv",
      primaryClass   = "hep-lat",
      reportNumber   = "FTUAM-99-16",
      SLACcitation   = "%%CITATION = HEP-LAT/9906010;%%"
}
@article{Faber:1999sq,
      author         = "Faber, Manfried and Greensite, Jeff and Olejnik, Stefan",
      title          = "{First evidence for center dominance in SU(3) lattice
                        gauge theory}",
      journal        = "Phys. Lett.",
      volume         = "B474",
      year           = "2000",
      pages          = "177-181",
      doi            = "10.1016/S0370-2693(00)00013-7",
      eprint         = "hep-lat/9911006",
      archivePrefix  = "arXiv",
      primaryClass   = "hep-lat",
      SLACcitation   = "%%CITATION = HEP-LAT/9911006;%%"
}
@article{Luscher:1984xn,
      author         = "Luscher, M. and Weisz, P.",
      title          = "{On-Shell Improved Lattice Gauge Theories}",
      journal        = "Commun. Math. Phys.",
      volume         = "97",
      year           = "1985",
      pages          = "59",
      doi            = "10.1007/BF01206178",
      note           = "[Erratum: Commun. Math. Phys.98,433(1985)]",
      reportNumber   = "DESY-84-030",
      SLACcitation   = "%%CITATION = CMPHA,97,59;%%"
}
@article{Bonnet:1999mj,
      author         = "Bonnet, Frederic D. R. and Bowman, Patrick O. and
                        Leinweber, Derek B. and Williams, Anthony G. and Richards,
                        David G.",
      title          = "{Discretization errors in Landau gauge on the lattice}",
      journal        = "Austral. J. Phys.",
      volume         = "52",
      year           = "1999",
      pages          = "939-948",
      doi            = "10.1071/PH99047",
      eprint         = "hep-lat/9905006",
      archivePrefix  = "arXiv",
      primaryClass   = "hep-lat",
      reportNumber   = "ADP-99-21-T363, JLAB-THY-99-10",
      SLACcitation   = "%%CITATION = HEP-LAT/9905006;%%"
}
@article{Thomas:2014tda,
      author         = "Thomas, Samuel D. and Kamleh, Waseem and Leinweber, Derek
                        B.",
      title          = "{Instanton contributions to the low-lying hadron mass
                        spectrum}",
      journal        = "Phys. Rev.",
      volume         = "D92",
      year           = "2015",
      number         = "9",
      pages          = "094515",
      doi            = "10.1103/PhysRevD.92.094515",
      eprint         = "1410.7105",
      archivePrefix  = "arXiv",
      primaryClass   = "hep-lat",
      SLACcitation   = "%%CITATION = ARXIV:1410.7105;%%"
}
@article{Trewartha:2015ida,
      author         = "Trewartha, Daniel and Kamleh, Waseem and Leinweber,
                        Derek",
      title          = "{Connection between center vortices and instantons
                        through gauge-field smoothing}",
      journal        = "Phys. Rev.",
      volume         = "D92",
      year           = "2015",
      number         = "7",
      pages          = "074507",
      doi            = "10.1103/PhysRevD.92.074507",
      eprint         = "1509.05518",
      archivePrefix  = "arXiv",
      primaryClass   = "hep-lat",
      SLACcitation   = "%%CITATION = ARXIV:1509.05518;%%"
}
@article{Cais:2008za,
      author         = "O'Cais, Alan and Kamleh, Waseem and Langfeld, Kurt and
                        Lasscock, Ben and Leinweber, Derek and Moran, Peter and
                        Sternbeck, Andre and von Smekal, Lorenz",
      title          = "{Preconditioning Maximal Center Gauge with Stout Link
                        Smearing in SU(3)}",
      journal        = "Phys. Rev.",
      volume         = "D82",
      year           = "2010",
      pages          = "114512",
      doi            = "10.1103/PhysRevD.82.114512",
      eprint         = "0807.0264",
      archivePrefix  = "arXiv",
      primaryClass   = "hep-lat",
      reportNumber   = "ADP-08-05-T665",
      SLACcitation   = "%%CITATION = ARXIV:0807.0264;%%"
}
@article{Wilson:1974sk,
      author         = "Wilson, Kenneth G.",
      title          = "{Confinement of Quarks}",
      journal        = "Phys. Rev.",
      volume         = "D10",
      year           = "1974",
      pages          = "2445-2459",
      doi            = "10.1103/PhysRevD.10.2445",
      note           = "[,319(1974)]",
      reportNumber   = "CLNS-262",
      SLACcitation   = "%%CITATION = PHRVA,D10,2445;%%"
}
@book{ryder1996quantum,
  title={Quantum field theory},
  author={Ryder, Lewis H},
  year={1996},
  publisher={Cambridge University Press}
}
@article{Schafer:1996wv,
      author         = "Schäfer, Thomas and Shuryak, Edward V.",
      title          = "{Instantons in QCD}",
      journal        = "Rev. Mod. Phys.",
      volume         = "70",
      year           = "1998",
      pages          = "323-426",
      doi            = "10.1103/RevModPhys.70.323",
      eprint         = "hep-ph/9610451",
      archivePrefix  = "arXiv",
      primaryClass   = "hep-ph",
      reportNumber   = "DOE-ER-40561-293, INT-96-00-150",
      SLACcitation   = "%%CITATION = HEP-PH/9610451;%%"
}
@book{peskin2018introduction,
  title={An introduction to quantum field theory},
  author={Peskin, Michael E},
  year={2018},
  publisher={CRC Press}
}
@article{Bing:1999ee,
      author         = "Bing, Hurl and He, Lin",
      title          = "{Gauge symmetry from integral viewpoint}",
      year           = "1999",
      eprint         = "hep-th/9912189",
      archivePrefix  = "arXiv",
      primaryClass   = "hep-th",
      SLACcitation   = "%%CITATION = HEP-TH/9912189;%%"
}
@inproceedings{Lepage:1998dt,
      author         = "Lepage, G. P.",
      title          = "{Lattice QCD for novices}",
      booktitle      = "{Strong interactions at low and intermediate energies.
                        Proceedings, 13th Annual Hampton University Graduate
                        Studies, HUGS'98, Newport News, USA, May 26-June 12,
                        1998}",
      year           = "1998",
      pages          = "49-90",
      eprint         = "hep-lat/0506036",
      archivePrefix  = "arXiv",
      primaryClass   = "hep-lat",
      SLACcitation   = "%%CITATION = HEP-LAT/0506036;%%"
}
@inproceedings{Gupta:1997nd,
      author         = "Gupta, Rajan",
      title          = "{Introduction to lattice QCD: Course}",
      booktitle      = "{Probing the standard model of particle interactions.
                        Proceedings, Summer School in Theoretical Physics, NATO
                        Advanced Study Institute, 68th session, Les Houches,
                        France, July 28-September 5, 1997. Pt. 1, 2}",
      year           = "1997",
      pages          = "83-219",
      eprint         = "hep-lat/9807028",
      archivePrefix  = "arXiv",
      primaryClass   = "hep-lat",
      reportNumber   = "LA-UR-98-3271",
      SLACcitation   = "%%CITATION = HEP-LAT/9807028;%%"
}
@article{Lepage:1992xa,
      author         = "Lepage, G. Peter and Mackenzie, Paul B.",
      title          = "{On the viability of lattice perturbation theory}",
      journal        = "Phys. Rev.",
      volume         = "D48",
      year           = "1993",
      pages          = "2250-2264",
      doi            = "10.1103/PhysRevD.48.2250",
      eprint         = "hep-lat/9209022",
      archivePrefix  = "arXiv",
      primaryClass   = "hep-lat",
      reportNumber   = "FERMILAB-PUB-91-269-T, NSF-ITP-90-227,
                        FERMILAB-PUB-91-355-T-REV",
      SLACcitation   = "%%CITATION = HEP-LAT/9209022;%%"
}
@article{Alford:1995hw,
      author         = "Alford, Mark G. and Dimm, W. and Lepage, G. P. and
                        Hockney, G. and Mackenzie, P. B.",
      title          = "{Lattice QCD on small computers}",
      journal        = "Phys. Lett.",
      volume         = "B361",
      year           = "1995",
      pages          = "87-94",
      doi            = "10.1016/0370-2693(95)01131-9",
      eprint         = "hep-lat/9507010",
      archivePrefix  = "arXiv",
      primaryClass   = "hep-lat",
      reportNumber   = "FERMILAB-PUB-95-199-T",
      SLACcitation   = "%%CITATION = HEP-LAT/9507010;%%"
}
@article{Symanzik:1983dc,
      author         = "Symanzik, K.",
      title          = "{Continuum Limit and Improved Action in Lattice Theories.
                        1. Principles and phi**4 Theory}",
      journal        = "Nucl. Phys.",
      volume         = "B226",
      year           = "1983",
      pages          = "187-204",
      doi            = "10.1016/0550-3213(83)90468-6",
      reportNumber   = "DESY-83-016",
      SLACcitation   = "%%CITATION = NUPHA,B226,187;%%"
}
@article{Symanzik:1983gh,
      author         = "Symanzik, K.",
      title          = "{Continuum Limit and Improved Action in Lattice Theories.
                        2. O(N) Nonlinear Sigma Model in Perturbation Theory}",
      journal        = "Nucl. Phys.",
      volume         = "B226",
      year           = "1983",
      pages          = "205-227",
      doi            = "10.1016/0550-3213(83)90469-8",
      reportNumber   = "DESY-83-026",
      SLACcitation   = "%%CITATION = NUPHA,B226,205;%%"
}
@article{GellMann:1964nj,
      author         = "Gell-Mann, Murray",
      title          = "{A Schematic Model of Baryons and Mesons}",
      journal        = "Phys. Lett.",
      volume         = "8",
      year           = "1964",
      pages          = "214-215",
      doi            = "10.1016/S0031-9163(64)92001-3",
      SLACcitation   = "%%CITATION = PHLTA,8,214;%%"
}
@incollection{Zweig:1964jf,
      author         = "Zweig, G.",
      title          = "{An SU(3) model for strong interaction symmetry and its
                        breaking. Version 2}",
      editor         = "Lichtenberg, D.B. and Rosen, Simon Peter",
      booktitle      = "DEVELOPMENTS IN THE QUARK THEORY OF HADRONS. VOL. 1. 1964
                        - 1978",
      journal        = "Developments in the Quark Theory of Hadrons, Volume 1.
                        Edited by D. Lichtenberg and S. Rosen. pp. 22-101",
      pages          = "22-101",
      year           = "1964",
      reportNumber   = "CERN-TH-412, NP-14146, PRINT-64-170",
      SLACcitation   = "%%CITATION = CERN-TH-412;%%"
}
@article{Bloom:1969kc,
      author         = "Bloom, Elliott D. and others",
      title          = "{High-Energy Inelastic e p Scattering at 6-Degrees and
                        10-Degrees}",
      journal        = "Phys. Rev. Lett.",
      volume         = "23",
      year           = "1969",
      pages          = "930-934",
      doi            = "10.1103/PhysRevLett.23.930",
      reportNumber   = "SLAC-PUB-0642",
      SLACcitation   = "%%CITATION = PRLTA,23,930;%%"
}
@article{Breidenbach:1969kd,
      author         = "Breidenbach, Martin and Friedman, Jerome I. and Kendall,
                        Henry W. and Bloom, Elliott D. and Coward, D. H. and
                        DeStaebler, H. C. and Drees, J. and Mo, Luke W. and
                        Taylor, Richard E.",
      title          = "{Observed Behavior of Highly Inelastic electron-Proton
                        Scattering}",
      journal        = "Phys. Rev. Lett.",
      volume         = "23",
      year           = "1969",
      pages          = "935-939",
      doi            = "10.1103/PhysRevLett.23.935",
      reportNumber   = "SLAC-PUB-0650",
      SLACcitation   = "%%CITATION = PRLTA,23,935;%%"
}
@article{Hofstadter:1956qs,
      author         = "Hofstadter, Robert",
      title          = "{Electron scattering and nuclear structure}",
      journal        = "Rev. Mod. Phys.",
      volume         = "28",
      year           = "1956",
      pages          = "214-254",
      doi            = "10.1103/RevModPhys.28.214",
      SLACcitation   = "%%CITATION = RMPHA,28,214;%%"
}
@article{Feynman:1969ej,
      author         = "Feynman, Richard P.",
      title          = "{Very high-energy collisions of hadrons}",
      journal        = "Phys. Rev. Lett.",
      volume         = "23",
      year           = "1969",
      pages          = "1415-1417",
      doi            = "10.1103/PhysRevLett.23.1415",
      note           = "[,494(1969)]",
      reportNumber   = "PRINT-69-2817",
      SLACcitation   = "%%CITATION = PRLTA,23,1415;%%"
}
@article{Gross:1973id,
      author         = "Gross, David J. and Wilczek, Frank",
      title          = "{Ultraviolet Behavior of Nonabelian Gauge Theories}",
      journal        = "Phys. Rev. Lett.",
      volume         = "30",
      year           = "1973",
      pages          = "1343-1346",
      doi            = "10.1103/PhysRevLett.30.1343",
      note           = "[,271(1973)]",
      SLACcitation   = "%%CITATION = PRLTA,30,1343;%%"
}
@article{Born:1993cq,
      author         = "Born, K. D. and Laermann, E. and Sommer, R. and Zerwas,
                        P. M. and Walsh, T. F.",
      title          = "{The Interquark potential: A QCD lattice analysis}",
      journal        = "Phys. Lett.",
      volume         = "B329",
      year           = "1994",
      pages          = "325-331",
      doi            = "10.1016/0370-2693(94)90780-3",
      reportNumber   = "DESY-93-171, BI-TP-93-69",
      SLACcitation   = "%%CITATION = PHLTA,B329,325;%%"
}
@article{Bonnet:1999gt,
      author         = "Bonnet, Frederic D. R. and Leinweber, Derek B. and
                        Williams, Anthony G. and Zanotti, James M.",
      title          = "{Towards string breaking in the static quark potential}",
      journal        = "Submitted to: Phys. Rev. D",
      year           = "1999",
      eprint         = "hep-lat/9912044",
      archivePrefix  = "arXiv",
      primaryClass   = "hep-lat",
      reportNumber   = "ADP-99-51-T387",
      SLACcitation   = "%%CITATION = HEP-LAT/9912044;%%"
}
@article{Creutz:1980hb,
      author         = "Creutz, Michael",
      title          = "{Monte Carlo Study of Renormalization in Lattice Gauge
                        Theory}",
      journal        = "Phys. Rev.",
      volume         = "D23",
      year           = "1981",
      pages          = "1815",
      doi            = "10.1103/PhysRevD.23.1815",
      reportNumber   = "BNL-28736",
      SLACcitation   = "%%CITATION = PHRVA,D23,1815;%%"
}
@article{DiGiacomo:1990hc,
      author         = "Di Giacomo, Adriano and Maggiore, Michele and Olejnik,
                        Stefan",
      title          = "{Confinement and Chromoelectric Flux Tubes in Lattice
                        {QCD}}",
      journal        = "Nucl. Phys.",
      volume         = "B347",
      year           = "1990",
      pages          = "441-460",
      doi            = "10.1016/0550-3213(90)90567-W",
      reportNumber   = "IFUP-TH-4-90",
      SLACcitation   = "%%CITATION = NUPHA,B347,441;%%"
}
@article{Iwasaki:1991mr,
      author         = "Iwasaki, Y. and Kanaya, K. and Sakai, S. and Yoshie, T.",
      title          = "{Quark confinement and number of flavors in strong
                        coupling lattice QCD}",
      journal        = "Phys. Rev. Lett.",
      volume         = "69",
      year           = "1992",
      pages          = "21-24",
      doi            = "10.1103/PhysRevLett.69.21",
      reportNumber   = "UTHEP-226",
      SLACcitation   = "%%CITATION = PRLTA,69,21;%%"
}
@article{Belavin:1975fg,
      author         = "Belavin, A. A. and Polyakov, Alexander M. and Schwartz,
                        A. S. and Tyupkin, {\relax Yu}. S.",
      title          = "{Pseudoparticle Solutions of the Yang-Mills Equations}",
      journal        = "Phys. Lett.",
      volume         = "B59",
      year           = "1975",
      pages          = "85-87",
      doi            = "10.1016/0370-2693(75)90163-X",
      note           = "[,350(1975)]",
      SLACcitation   = "%%CITATION = PHLTA,B59,85;%%"
}
@article{tHooft:1986ooh,
      author         = "'t Hooft, Gerard",
      title          = "{How Instantons Solve the U(1) Problem}",
      journal        = "Phys. Rept.",
      volume         = "142",
      year           = "1986",
      pages          = "357-387",
      doi            = "10.1016/0370-1573(86)90117-1",
      reportNumber   = "PRINT-86-0358 (UTRECHT)",
      SLACcitation   = "%%CITATION = PRPLC,142,357;%%"
}
@article{Ivanenko:1990xu,
      author         = "Ivanenko, T. L. and Pochinsky, A. V. and Polikarpov, M.
                        I.",
      title          = "{Extended Abelian monopoles and confinement in the SU(2)
                        lattice gauge theory}",
      journal        = "Phys. Lett.",
      volume         = "B252",
      year           = "1990",
      pages          = "631-635",
      doi            = "10.1016/0370-2693(90)90497-T",
      reportNumber   = "ITEP-90-108",
      SLACcitation   = "%%CITATION = PHLTA,B252,631;%%"
}
@article{Chernodub:1995tt,
      author         = "Chernodub, M. N. and Gubarev, F. V.",
      title          = "{Instantons and monopoles in maximal Abelian projection
                        of SU(2) gluodynamics}",
      journal        = "JETP Lett.",
      volume         = "62",
      year           = "1995",
      pages          = "100-104",
      eprint         = "hep-th/9506026",
      archivePrefix  = "arXiv",
      primaryClass   = "hep-th",
      reportNumber   = "ITEP-34-95, ITEP-95-34",
      SLACcitation   = "%%CITATION = HEP-TH/9506026;%%"
}
@article{Callan:1977qs,
      author         = "Callan, Jr., Curtis G. and Dashen, Roger F. and Gross,
                        David J.",
      title          = "{A Mechanism for Quark Confinement}",
      journal        = "Phys. Lett.",
      volume         = "66B",
      year           = "1977",
      pages          = "375-381",
      doi            = "10.1016/0370-2693(77)90019-3",
      reportNumber   = "COO-2220-94",
      SLACcitation   = "%%CITATION = PHLTA,66B,375;%%"
}
@article{Mandelstam:1974pi,
      author         = "Mandelstam, S.",
      title          = "{Vortices and Quark Confinement in Nonabelian Gauge
                        Theories}",
      booktitle      = "{\#DONE: Phys. Rep. 23 (1976) 245-249, In *Gervais, J.L.
                        (Ed.), Jacob, M. (Ed.): Non-linear and Collective
                        Phenomena In Quantum Physics*, 12-16}",
      journal        = "Phys. Rept.",
      volume         = "23",
      year           = "1976",
      pages          = "245-249",
      doi            = "10.1016/0370-1573(76)90043-0",
      reportNumber   = "PRINT-74-1623 (UC,BERKELEY)",
      SLACcitation   = "%%CITATION = PRPLC,23,245;%%"
}
@article{tHooft:1982ylj,
      author         = "'t Hooft, Gerard",
      title          = "{The Topological Mechanism for Permanent Quark
                        Confinement in a Nonabelian Gauge Theory}",
      journal        = "Phys. Scripta",
      volume         = "25",
      year           = "1982",
      pages          = "133-142",
      doi            = "10.1088/0031-8949/25/1B/005",
      SLACcitation   = "%%CITATION = PHSTB,25,133;%%"
}
@article{Bonnet:2000dc,
      author         = "Bonnet, Frederic D. R. and Fitzhenry, Patrick and
                        Leinweber, Derek B. and Stanford, Mark R. and Williams,
                        Anthony G.",
      title          = "{Calibration of smearing and cooling algorithms in SU(3):
                        Color gauge theory}",
      journal        = "Phys. Rev.",
      volume         = "D62",
      year           = "2000",
      pages          = "094509",
      doi            = "10.1103/PhysRevD.62.094509",
      eprint         = "hep-lat/0001018",
      archivePrefix  = "arXiv",
      primaryClass   = "hep-lat",
      reportNumber   = "ADP-00-03-T391",
      SLACcitation   = "%%CITATION = HEP-LAT/0001018;%%"
}
@article{Berg:1981nw,
      author         = "Berg, B.",
      title          = "{Dislocations and Topological Background in the Lattice
                        O(3) $\sigma$ Model}",
      journal        = "Phys. Lett.",
      volume         = "104B",
      year           = "1981",
      pages          = "475-480",
      doi            = "10.1016/0370-2693(81)90518-9",
      reportNumber   = "CERN-TH-3076",
      SLACcitation   = "%%CITATION = PHLTA,104B,475;%%"
}
@article{Greensite:2016pfc,
      author         = "Greensite, Jeff",
      title          = "{Confinement from Center Vortices: A review of old and
                        new results}",
      booktitle      = "{Proceedings, 12th Conference on Quark Confinement and
                        the Hadron Spectrum (Confinement XII): Thessaloniki,
                        Greece}",
      journal        = "EPJ Web Conf.",
      volume         = "137",
      year           = "2017",
      pages          = "01009",
      doi            = "10.1051/epjconf/201713701009",
      eprint         = "1610.06221",
      archivePrefix  = "arXiv",
      primaryClass   = "hep-lat",
      SLACcitation   = "%%CITATION = ARXIV:1610.06221;%%"
}
@article{Stack:2002sy,
      author         = "Stack, John D. and Tucker, W. W. and Wensley, Roy J.",
      title          = "{The Maximal Abelian gauge, monopoles, and vortices in
                        SU(3) lattice gauge theory}",
      journal        = "Nucl. Phys.",
      volume         = "B639",
      year           = "2002",
      pages          = "203-222",
      doi            = "10.1016/S0550-3213(02)00537-0",
      eprint         = "hep-lat/0110196",
      archivePrefix  = "arXiv",
      primaryClass   = "hep-lat",
      reportNumber   = "ILL-TH-01-10",
      SLACcitation   = "%%CITATION = HEP-LAT/0110196;%%"
}
@article{Cabibbo:1982zn,
      author         = "Cabibbo, N. and Marinari, E.",
      title          = "{A New Method for Updating SU(N) Matrices in Computer
                        Simulations of Gauge Theories}",
      journal        = "Phys. Lett.",
      volume         = "119B",
      year           = "1982",
      pages          = "387-390",
      doi            = "10.1016/0370-2693(82)90696-7",
      SLACcitation   = "%%CITATION = PHLTA,119B,387;%%"
}
@article{Creutz:1980zw,
      author         = "Creutz, M.",
      title          = "{Monte Carlo Study of Quantized SU(2) Gauge Theory}",
      journal        = "Phys. Rev.",
      volume         = "D21",
      year           = "1980",
      pages          = "2308-2315",
      doi            = "10.1103/PhysRevD.21.2308",
      SLACcitation   = "%%CITATION = PHRVA,D21,2308;%%"
}
@article{BilsonThompson:2002jk,
      author         = "Bilson-Thompson, Sundance O. and Leinweber, Derek B. and
                        Williams, Anthony G.",
      title          = "{Highly improved lattice field strength tensor}",
      journal        = "Annals Phys.",
      volume         = "304",
      year           = "2003",
      pages          = "1-21",
      doi            = "10.1016/S0003-4916(03)00009-5",
      eprint         = "hep-lat/0203008",
      archivePrefix  = "arXiv",
      primaryClass   = "hep-lat",
      reportNumber   = "ADP-01-50-T482",
      SLACcitation   = "%%CITATION = HEP-LAT/0203008;%%"
}
@article{Albanese:1987ds,
      author         = "Albanese, M. and others",
      title          = "{Glueball Masses and String Tension in Lattice QCD}",
      collaboration  = "APE",
      journal        = "Phys. Lett.",
      volume         = "B192",
      year           = "1987",
      pages          = "163-169",
      doi            = "10.1016/0370-2693(87)91160-9",
      reportNumber   = "ROM2F-87-014",
      SLACcitation   = "%%CITATION = PHLTA,B192,163;%%"
}
@article{Falcioni:1984ei,
      author         = "Falcioni, M. and Paciello, M. L. and Parisi, G. and
                        Taglienti, B.",
      title          = "{AGAIN ON SU(3) GLUEBALL MASS}",
      journal        = "Nucl. Phys.",
      volume         = "B251",
      year           = "1985",
      pages          = "624-632",
      doi            = "10.1016/0550-3213(85)90280-9",
      SLACcitation   = "%%CITATION = NUPHA,B251,624;%%"
}
@article{Morningstar:2003gk,
      author         = "Morningstar, Colin and Peardon, Mike J.",
      title          = "{Analytic smearing of SU(3) link variables in lattice
                        QCD}",
      journal        = "Phys. Rev.",
      volume         = "D69",
      year           = "2004",
      pages          = "054501",
      doi            = "10.1103/PhysRevD.69.054501",
      eprint         = "hep-lat/0311018",
      archivePrefix  = "arXiv",
      primaryClass   = "hep-lat",
      SLACcitation   = "%%CITATION = HEP-LAT/0311018;%%"
}
@article{Makeenko:2009dw,
      author         = "Makeenko, Yuri",
      title          = "{A Brief Introduction to Wilson Loops and Large N}",
      booktitle      = "{12th International Moscow School of Physics and 37th
                        ITEP Winter School of Physics Moscow, Russia, February
                        9-16, 2009}",
      journal        = "Phys. Atom. Nucl.",
      volume         = "73",
      year           = "2010",
      pages          = "878-894",
      doi            = "10.1134/S106377881005011X",
      eprint         = "0906.4487",
      archivePrefix  = "arXiv",
      primaryClass   = "hep-th",
      reportNumber   = "ITEP-TH-21-09",
      SLACcitation   = "%%CITATION = ARXIV:0906.4487;%%"
}
@article{vanRitbergen:1997va,
      author         = "van Ritbergen, T. and Vermaseren, J. A. M. and Larin, S.
                        A.",
      title          = "{The Four loop beta function in quantum chromodynamics}",
      journal        = "Phys. Lett.",
      volume         = "B400",
      year           = "1997",
      pages          = "379-384",
      doi            = "10.1016/S0370-2693(97)00370-5",
      eprint         = "hep-ph/9701390",
      archivePrefix  = "arXiv",
      primaryClass   = "hep-ph",
      reportNumber   = "UM-TH-97-01, NIKHEF-97-001",
      SLACcitation   = "%%CITATION = HEP-PH/9701390;%%"
}
@article{Dosch:1988ha,
      author         = "Dosch, Hans Gunter and Simonov, {\relax Yu}. A.",
      title          = "{The Area Law of the Wilson Loop and Vacuum Field
                        Correlators}",
      journal        = "Phys. Lett.",
      volume         = "B205",
      year           = "1988",
      pages          = "339-344",
      doi            = "10.1016/0370-2693(88)91675-9",
      reportNumber   = "ITEP-88-64",
      SLACcitation   = "%%CITATION = PHLTA,B205,339;%%"
}
@article{Weisz:1982zw,
      author         = "Weisz, P.",
      title          = "{Continuum Limit Improved Lattice Action for Pure
                        Yang-Mills Theory. 1.}",
      journal        = "Nucl. Phys.",
      volume         = "B212",
      year           = "1983",
      pages          = "1-17",
      doi            = "10.1016/0550-3213(83)90595-3",
      reportNumber   = "DESY-82-044",
      SLACcitation   = "%%CITATION = NUPHA,B212,1;%%"
}
@article{Weisz:1983bn,
      author         = "Weisz, P. and Wohlert, R.",
      title          = "{Continuum Limit Improved Lattice Action for Pure
                        Yang-Mills Theory. 2.}",
      journal        = "Nucl. Phys.",
      volume         = "B236",
      year           = "1984",
      pages          = "397",
      doi            = "10.1016/0550-3213(84)90563-7,
                        10.1016/0550-3213(84)90543-1",
      note           = "[Erratum: Nucl. Phys.B247,544(1984)]",
      reportNumber   = "DESY-83-091",
      SLACcitation   = "%%CITATION = NUPHA,B236,397;%%"
}
@article{Luscher:1985zq,
      author         = "Luscher, M. and Weisz, P.",
      title          = "{Computation of the Action for On-Shell Improved Lattice
                        Gauge Theories at Weak Coupling}",
      journal        = "Phys. Lett.",
      volume         = "158B",
      year           = "1985",
      pages          = "250-254",
      doi            = "10.1016/0370-2693(85)90966-9",
      reportNumber   = "DESY-85-035",
      SLACcitation   = "%%CITATION = PHLTA,158B,250;%%"
}
@article{Marenzoni:1994ap,
      author         = "Marenzoni, P. and Martinelli, G. and Stella, N.",
      title          = "{The Gluon propagator on a large volume, at beta = 6.0}",
      journal        = "Nucl. Phys.",
      volume         = "B455",
      year           = "1995",
      pages          = "339-356",
      doi            = "10.1016/0550-3213(95)00405-H",
      eprint         = "hep-lat/9410011",
      archivePrefix  = "arXiv",
      primaryClass   = "hep-lat",
      reportNumber   = "ROME-1042-1994, SHEP-93-94-31",
      SLACcitation   = "%%CITATION = HEP-LAT/9410011;%%"
}
@article{Boucaud:2006pc,
      author         = "Boucaud, Philippe and Bruntjen, Th. and Leroy, J. P. and
                        Le Yaouanc, A. and Lokhov, A. Y. and Micheli, J. and Pene,
                        O. and Rodriguez-Quintero, J. and Roiesnel, C.",
      title          = "{Short comment about the lattice gluon propagator at
                        vanishing momentum}",
      year           = "2006",
      eprint         = "hep-lat/0602006",
      archivePrefix  = "arXiv",
      primaryClass   = "hep-lat",
      reportNumber   = "LPT-ORSAY-06-08, CPHT-RR-009-0106, UHU-FT-06-02",
      SLACcitation   = "%%CITATION = HEP-LAT/0602006;%%"
}
@article{Greensite:1982be,
      author         = "Greensite, J. and Halpern, M. B.",
      title          = "{Suppression of Color Screening at Large $N$}",
      journal        = "Phys. Rev.",
      volume         = "D27",
      year           = "1983",
      pages          = "2545",
      doi            = "10.1103/PhysRevD.27.2545",
      reportNumber   = "LBL-14912",
      SLACcitation   = "%%CITATION = PHRVA,D27,2545;%%"
}
@article{Feynman:1981ss,
      author         = "Feynman, Richard P.",
      title          = "{The Qualitative Behavior of Yang-Mills Theory in
                        (2+1)-Dimensions}",
      journal        = "Nucl. Phys.",
      volume         = "B188",
      year           = "1981",
      pages          = "479-512",
      doi            = "10.1016/0550-3213(81)90005-5",
      reportNumber   = "Print-81-0190 (CAL TECH)",
      SLACcitation   = "%%CITATION = NUPHA,B188,479;%%"
}
@article{Engelhardt:1999fd,
      author         = "Engelhardt, M. and Langfeld, K. and Reinhardt, H. and
                        Tennert, O.",
      title          = "{Deconfinement in SU(2) Yang-Mills theory as a center
                        vortex percolation transition}",
      journal        = "Phys. Rev.",
      volume         = "D61",
      year           = "2000",
      pages          = "054504",
      doi            = "10.1103/PhysRevD.61.054504",
      eprint         = "hep-lat/9904004",
      archivePrefix  = "arXiv",
      primaryClass   = "hep-lat",
      SLACcitation   = "%%CITATION = HEP-LAT/9904004;%%"
}
@article{Langfeld:1998cz,
      author         = "Langfeld, K. and Tennert, O. and Engelhardt, M. and
                        Reinhardt, H.",
      title          = "{Center vortices of Yang-Mills theory at finite
                        temperatures}",
      journal        = "Phys. Lett.",
      volume         = "B452",
      year           = "1999",
      pages          = "301",
      doi            = "10.1016/S0370-2693(99)00252-X",
      eprint         = "hep-lat/9805002",
      archivePrefix  = "arXiv",
      primaryClass   = "hep-lat",
      reportNumber   = "UNITU-THEP-5-98",
      SLACcitation   = "%%CITATION = HEP-LAT/9805002;%%"
}
@article{Aharonov:1978jd,
      author         = "Aharonov, Y. and Casher, A. and Yankielowicz, S.",
      title          = "{Instantons and Confinement}",
      journal        = "Nucl. Phys.",
      volume         = "B146",
      year           = "1978",
      pages          = "256-272",
      doi            = "10.1016/0550-3213(78)90442-X",
      reportNumber   = "TAUP-614-77-REV, TAUP-614-77",
      SLACcitation   = "%%CITATION = NUPHA,B146,256;%%"
}
@article{Cornwall:1979hz,
      author         = "Cornwall, John M.",
      title          = "{Quark Confinement and Vortices in Massive Gauge
                        Invariant QCD}",
      journal        = "Nucl. Phys.",
      volume         = "B157",
      year           = "1979",
      pages          = "392-412",
      doi            = "10.1016/0550-3213(79)90111-1",
      reportNumber   = "UCLA/79/TEP/5",
      SLACcitation   = "%%CITATION = NUPHA,B157,392;%%"
}
@article{Nielsen:1979xu,
      author         = "Nielsen, Holger Bech and Olesen, P.",
      title          = "{A Quantum Liquid Model for the QCD Vacuum: Gauge and
                        Rotational Invariance of Domained and Quantized
                        Homogeneous Color Fields}",
      journal        = "Nucl. Phys.",
      volume         = "B160",
      year           = "1979",
      pages          = "380-396",
      doi            = "10.1016/0550-3213(79)90065-8",
      reportNumber   = "NBI-HE-79-17",
      SLACcitation   = "%%CITATION = NUPHA,B160,380;%%"
}
@article{tHooft:1981bkw,
      author         = "'t Hooft, Gerard",
      title          = "{Topology of the Gauge Condition and New Confinement
                        Phases in Nonabelian Gauge Theories}",
      journal        = "Nucl. Phys.",
      volume         = "B190",
      year           = "1981",
      pages          = "455-478",
      doi            = "10.1016/0550-3213(81)90442-9",
      reportNumber   = "CALT-68-819",
      SLACcitation   = "%%CITATION = NUPHA,B190,455;%%"
}
@article{Smit:1989vg,
      author         = "Smit, Jan and van der Sijs, Arjan",
      title          = "{Monopoles and Confinement}",
      journal        = "Nucl. Phys.",
      volume         = "B355",
      year           = "1991",
      pages          = "603-648",
      doi            = "10.1016/0550-3213(91)90489-K",
      reportNumber   = "ITFA-89-17",
      SLACcitation   = "%%CITATION = NUPHA,B355,603;%%"
}
@article{Matsubara:1993nq,
      author         = "Matsubara, Yoshimi and Ejiri, Shinji and Suzuki, Tsuneoo",
      title          = "{The (dual) Meissner effect in SU(2) and SU(3) QCD}",
      booktitle      = "{LATTICE 93: 11th International Symposium on Lattice
                        Field Theory Dallas, Texas, October 12-16, 1993}",
      journal        = "Nucl. Phys. Proc. Suppl.",
      volume         = "34",
      year           = "1994",
      pages          = "176-178",
      doi            = "10.1016/0920-5632(94)90337-9",
      eprint         = "hep-lat/9311061",
      archivePrefix  = "arXiv",
      primaryClass   = "hep-lat",
      SLACcitation   = "%%CITATION = HEP-LAT/9311061;%%"
}
@article{Suzuki:1989gp,
      author         = "Suzuki, Tsuneo and Yotsuyanagi, Ichiro",
      title          = "{A possible evidence for Abelian dominance in quark
                        confinement}",
      journal        = "Phys. Rev.",
      volume         = "D42",
      year           = "1990",
      pages          = "4257-4260",
      doi            = "10.1103/PhysRevD.42.4257",
      reportNumber   = "DPKU-8909, DPKU-8909-REV",
      SLACcitation   = "%%CITATION = PHRVA,D42,4257;%%"
}
@article{Kronfeld:1987ri,
      author         = "Kronfeld, Andreas S. and Laursen, M. L. and Schierholz,
                        G. and Wiese, U. J.",
      title          = "{Monopole Condensation and Color Confinement}",
      journal        = "Phys. Lett.",
      volume         = "B198",
      year           = "1987",
      pages          = "516-520",
      doi            = "10.1016/0370-2693(87)90910-5",
      reportNumber   = "DESY-87-073",
      SLACcitation   = "%%CITATION = PHLTA,B198,516;%%"
}
@article{Witten:1978bc,
      author         = "Witten, Edward",
      title          = "{Instantons, the Quark Model, and the 1/n Expansion}",
      journal        = "Nucl. Phys.",
      volume         = "B149",
      year           = "1979",
      pages          = "285-320",
      doi            = "10.1016/0550-3213(79)90243-8",
      reportNumber   = "HUTP-78/A042",
      SLACcitation   = "%%CITATION = NUPHA,B149,285;%%"
}
@article{Callan:1977gz,
      author         = "Callan, Jr., Curtis G. and Dashen, Roger F. and Gross,
                        David J.",
      title          = "{Toward a Theory of the Strong Interactions}",
      journal        = "Phys. Rev.",
      volume         = "D17",
      year           = "1978",
      pages          = "2717",
      doi            = "10.1103/PhysRevD.17.2717",
      note           = "[,36(1977)]",
      reportNumber   = "COO-2220-115",
      SLACcitation   = "%%CITATION = PHRVA,D17,2717;%%"
}
@article{Trewartha:2013qga,
      author         = "Trewartha, Daniel and Kamleh, Waseem and Leinweber, Derek
                        and Roberts, Dale S.",
      title          = "{Quark Propagation in the Instantons of Lattice QCD}",
      journal        = "Phys. Rev.",
      volume         = "D88",
      year           = "2013",
      pages          = "034501",
      doi            = "10.1103/PhysRevD.88.034501",
      eprint         = "1306.3283",
      archivePrefix  = "arXiv",
      primaryClass   = "hep-lat",
      SLACcitation   = "%%CITATION = ARXIV:1306.3283;%%"
}
@article{Faber:1997rp,
      author         = "Faber, Manfried and Greensite, J. and Olejnik, S.",
      title          = "{Casimir scaling from center vortices: Towards an
                        understanding of the adjoint string tension}",
      journal        = "Phys. Rev.",
      volume         = "D57",
      year           = "1998",
      pages          = "2603-2609",
      doi            = "10.1103/PhysRevD.57.2603",
      eprint         = "hep-lat/9710039",
      archivePrefix  = "arXiv",
      primaryClass   = "hep-lat",
      SLACcitation   = "%%CITATION = HEP-LAT/9710039;%%"
}
@article{Biddle:2018dtc,
      author         = "Biddle, James C. and Kamleh, Waseem and Leinweber, Derek
                        B.",
      title          = "{Gluon propagator on a center-vortex background}",
      journal        = "Phys. Rev.",
      volume         = "D98",
      year           = "2018",
      number         = "9",
      pages          = "094504",
      doi            = "10.1103/PhysRevD.98.094504",
      eprint         = "1806.04305",
      archivePrefix  = "arXiv",
      primaryClass   = "hep-lat",
      reportNumber   = "ADP-18-16/T1064, ADP-18-16-T1064",
      SLACcitation   = "%%CITATION = ARXIV:1806.04305;%%"
}
@article{Faber:1999gu,
      author         = "Faber, Manfried and Greensite, J. and Olejnik, S. and
                        Yamada, Daiske",
      title          = "{The Vortex finding property of maximal center (and
                        other) gauges}",
      journal        = "JHEP",
      volume         = "12",
      year           = "1999",
      pages          = "012",
      doi            = "10.1088/1126-6708/1999/12/012",
      eprint         = "hep-lat/9910033",
      archivePrefix  = "arXiv",
      primaryClass   = "hep-lat",
      SLACcitation   = "%%CITATION = HEP-LAT/9910033;%%"
}
@article{Mack:1978rq,
      author         = "Mack, G. and Petkova, V. B.",
      title          = "{Comparison of Lattice Gauge Theories with Gauge Groups
                        Z(2) and SU(2)}",
      journal        = "Annals Phys.",
      volume         = "123",
      year           = "1979",
      pages          = "442",
      doi            = "10.1016/0003-4916(79)90346-4",
      reportNumber   = "DESY-78-68",
      SLACcitation   = "%%CITATION = APNYA,123,442;%%"
}
@article{Spengler:2018dxt,
      author         = "Spengler, Felix and Quandt, Markus and Reinhardt, Hugo",
      title          = "{Branching of Center Vortices in SU(3) Lattice Gauge
                        Theory}",
      journal        = "Phys. Rev.",
      volume         = "D98",
      year           = "2018",
      number         = "9",
      pages          = "094508",
      doi            = "10.1103/PhysRevD.98.094508",
      eprint         = "1810.04072",
      archivePrefix  = "arXiv",
      primaryClass   = "hep-th",
      SLACcitation   = "%%CITATION = ARXIV:1810.04072;%%"
}
@article{Reinhardt:2001kf,
      author         = "Reinhardt, H.",
      title          = "{Topology of center vortices}",
      journal        = "Nucl. Phys.",
      volume         = "B628",
      year           = "2002",
      pages          = "133-166",
      doi            = "10.1016/S0550-3213(02)00130-X",
      eprint         = "hep-th/0112215",
      archivePrefix  = "arXiv",
      primaryClass   = "hep-th",
      SLACcitation   = "%%CITATION = HEP-TH/0112215;%%"
}
@article{Alexandrou:2017hqw,
      author         = "Alexandrou, Constantia and Athenodorou, Andreas and
                        Cichy, Krzysztof and Dromard, Arthur and Garcia-Ramos,
                        Elena and Jansen, Karl and Wenger, Urs and Zimmermann,
                        Falk",
      title          = "{Comparison of topological charge definitions in Lattice
                        QCD}",
      year           = "2017",
      eprint         = "1708.00696",
      archivePrefix  = "arXiv",
      primaryClass   = "hep-lat",
      reportNumber   = "DESY-17-115",
      SLACcitation   = "%%CITATION = ARXIV:1708.00696;%%"
}
@article{BilsonThompson:2001ca,
      author         = "Bilson-Thompson, Sundance O. and Bonnet, F. D. R. and
                        Leinweber, D. B. and Williams, Anthony G.",
      title          = "{Cooling for instantons and the wrath of Nahm}",
      booktitle      = "{Lattice Hadron Physics. Proceedings: Workshop, LHP 2001,
                        Cairns, Australia, Jul 9-18, 2001}",
      journal        = "Nucl. Phys. Proc. Suppl.",
      volume         = "109A",
      year           = "2002",
      pages          = "116-120",
      doi            = "10.1016/S0920-5632(02)01399-3",
      note           = "[,116(2001)]",
      eprint         = "hep-lat/0112034",
      archivePrefix  = "arXiv",
      primaryClass   = "hep-lat",
      reportNumber   = "ADP-01-58-T490",
      SLACcitation   = "%%CITATION = HEP-LAT/0112034;%%"
}
@article{Moran:2008qd,
      author         = "Moran, Peter J. and Leinweber, Derek B.",
      title          = "{Impact of Dynamical Fermions on QCD Vacuum Structure}",
      journal        = "Phys. Rev.",
      volume         = "D78",
      year           = "2008",
      pages          = "054506",
      doi            = "10.1103/PhysRevD.78.054506",
      eprint         = "0801.2016",
      archivePrefix  = "arXiv",
      primaryClass   = "hep-lat",
      reportNumber   = "ADP-08-02-T661",
      SLACcitation   = "%%CITATION = ARXIV:0801.2016;%%"
}
@article{GarciaPerez:1993lic,
      author         = "Garcia Perez, Margarita and Gonzalez-Arroyo, Antonio and
                        Snippe, Jeroen R. and van Baal, Pierre",
      title          = "{Instantons from over - improved cooling}",
      journal        = "Nucl. Phys.",
      volume         = "B413",
      year           = "1994",
      pages          = "535-552",
      doi            = "10.1016/0550-3213(94)90631-9",
      eprint         = "hep-lat/9309009",
      archivePrefix  = "arXiv",
      primaryClass   = "hep-lat",
      reportNumber   = "INLO-PUB-11-93, FTUAM-93-31",
      SLACcitation   = "%%CITATION = HEP-LAT/9309009;%%"
}